@inproceedings{nicosia2017accurate,
  title={Accurate sentence matching with hybrid siamese networks},
  author={Nicosia, Massimo and Moschitti, Alessandro},
  booktitle={Proceedings of the 2017 ACM on Conference on Information and Knowledge Management},
  pages={2235--2238},
  year={2017}
}